<?xml version="1.0" encoding="UTF-8"?><collection xmlns="http://www.loc.gov/MARC21/slim"><record><leader>00530nam--2200193-i-4500</leader><controlfield tag="001">000047884</controlfield><controlfield tag="002">20161230</controlfield><controlfield tag="005">20161230201046</controlfield><controlfield tag="008">060222s1000------------r-----000-0-eng-d</controlfield><datafield ind1=" " ind2=" " tag="040"><subfield code="a">IFIN-HH</subfield></datafield><datafield ind1=" " ind2=" " tag="080"><subfield code="a">536.46</subfield></datafield><datafield ind1="1" ind2=" " tag="100"><subfield code="a">Gaydon, A.G</subfield></datafield><datafield ind1="1" ind2="0" tag="245"><subfield code="a">Flames</subfield><subfield code="b">Their structure, radiation and temperature</subfield><subfield code="c">A.g. gaydon; h.g. wolfhard</subfield></datafield><datafield ind1=" " ind2=" " tag="250"><subfield code="a">Third Edition Revised</subfield></datafield><datafield ind1=" " ind2=" " tag="260"><subfield code="a">London</subfield><subfield code="b">Chapman And Hall Ltd</subfield><subfield code="c">1970</subfield></datafield><datafield ind1=" " ind2=" " tag="300"><subfield code="a">XIII+401 P</subfield></datafield><datafield ind1="1" ind2=" " tag="700"><subfield code="a">Wolfhard, H.G</subfield></datafield><datafield ind1=" " ind2=" " tag="852"><subfield code="a">35399</subfield><subfield code="c">536</subfield></datafield><datafield ind1=" " ind2=" " tag="CAT"><subfield code="a">Sys</subfield><subfield code="c">20110509</subfield><subfield code="h">114158</subfield></datafield></record></collection>